%% This BibTeX bibliography file was created using BibDesk.
%% http://bibdesk.sourceforge.net/


%% Created for Nathan Hartland at 2014-01-13 23:36:47 +0000 


%% Saved with string encoding Unicode (UTF-8) 



@article{:2008hua,
	Archiveprefix = {arXiv},
	Author = {Abazov, V. M. and others},
	Collaboration = {D0},
	Date-Added = {2014-01-13 23:35:44 +0000},
	Date-Modified = {2014-01-13 23:35:44 +0000},
	Doi = {10.1103/PhysRevLett.101.062001},
	Eprint = {0802.2400},
	Journal = {Phys. Rev. Lett.},
	Pages = {062001},
	Primaryclass = {hep-ex},
	Slaccitation = {%%CITATION = 0802.2400;%%},
	Title = {{Measurement of the inclusive jet cross-section in p anti-p collisions at s**91/2) =1.96-TeV}},
	Volume = {101},
	Year = {2008},
	Bdsk-Url-1 = {http://dx.doi.org/10.1103/PhysRevLett.101.062001}}

@article{aaron:2009wt,
	Archiveprefix = {arXiv},
	Author = {Aaron, F. D. and others},
	Collaboration = {H1 and ZEUS},
	Date-Added = {2014-01-13 23:35:44 +0000},
	Date-Modified = {2014-01-13 23:35:44 +0000},
	Doi = {10.1007/JHEP01(2010)109},
	Eprint = {0911.0884},
	Journal = {JHEP},
	Pages = {109},
	Primaryclass = {hep-ex},
	Slaccitation = {%%CITATION = 0911.0884;%%},
	Title = {{Combined Measurement and QCD Analysis of the Inclusive ep Scattering Cross Sections at HERA}},
	Volume = {01},
	Year = {2010},
	Bdsk-Url-1 = {http://dx.doi.org/10.1007/JHEP01(2010)109}}

@article{Abulencia:2007ez,
	Archiveprefix = {arXiv},
	Author = {Abulencia, A. and others},
	Collaboration = {CDF - Run II},
	Date-Added = {2014-01-13 23:35:44 +0000},
	Date-Modified = {2014-01-13 23:35:44 +0000},
	Doi = {10.1103/PhysRevD.75.092006},
	Eprint = {hep-ex/0701051},
	Journal = {Phys. Rev.},
	Pages = {092006},
	Slaccitation = {%%CITATION = HEP-EX/0701051;%%},
	Title = {{Measurement of the Inclusive Jet Cross Section using the k(T) algorithm in p anti-p collisions at s**(1/2) = 1.96- TeV with the CDF II Detector}},
	Volume = {D75},
	Year = {2007},
	Bdsk-Url-1 = {http://dx.doi.org/10.1103/PhysRevD.75.092006}}

@article{Adloff:2000qk,
	Archiveprefix = {arXiv},
	Author = {Adloff, C. and others},
	Collaboration = {H1},
	Date-Added = {2014-01-13 23:35:44 +0000},
	Date-Modified = {2014-01-13 23:35:44 +0000},
	Doi = {10.1007/s100520100720},
	Eprint = {hep-ex/0012053},
	Journal = {Eur. Phys. J.},
	Pages = {33-61},
	Slaccitation = {%%CITATION = HEP-EX/0012053;%%},
	Title = {{Deep-inelastic inclusive e p scattering at low x and a determination of alpha(s)}},
	Volume = {C21},
	Year = {2001},
	Bdsk-Url-1 = {http://dx.doi.org/10.1007/s100520100720}}

@article{Alekhin:2002fv,
	Archiveprefix = {arXiv},
	Author = {Alekhin, Sergey},
	Date-Added = {2014-01-13 23:35:44 +0000},
	Date-Modified = {2014-01-13 23:35:44 +0000},
	Doi = {10.1103/PhysRevD.68.014002},
	Eprint = {hep-ph/0211096},
	Journal = {Phys. Rev.},
	Pages = {014002},
	Slaccitation = {%%CITATION = HEP-PH/0211096;%%},
	Title = {{Parton distributions from deep-inelastic scattering data}},
	Volume = {D68},
	Year = {2003},
	Bdsk-Url-1 = {http://dx.doi.org/10.1103/PhysRevD.68.014002}}

@article{Alekhin:2009ni,
	Archiveprefix = {arXiv},
	Author = {Alekhin, S. and Blumlein, J. and Klein, S. and Moch, S.},
	Date-Added = {2014-01-13 23:35:44 +0000},
	Date-Modified = {2014-01-13 23:35:44 +0000},
	Doi = {10.1103/PhysRevD.81.014032},
	Eprint = {0908.2766},
	Journal = {Phys. Rev.},
	Pages = {014032},
	Primaryclass = {hep-ph},
	Slaccitation = {%%CITATION = 0908.2766;%%},
	Title = {{The 3-, 4-, and 5-flavor NNLO Parton from Deep-Inelastic- Scattering Data and at Hadron Colliders}},
	Volume = {D81},
	Year = {2010},
	Bdsk-Url-1 = {http://dx.doi.org/10.1103/PhysRevD.81.014032}}

@article{Altarelli:1978id,
	Author = {Altarelli, Guido and Ellis, R. Keith and Martinelli, G.},
	Date-Added = {2014-01-13 23:35:44 +0000},
	Date-Modified = {2014-01-13 23:35:44 +0000},
	Doi = {10.1016/0550-3213(78)90067-6},
	Journal = {Nucl. Phys.},
	Pages = {521},
	Slaccitation = {%%CITATION = NUPHA,B143,521;%%},
	Title = {{Leptoproduction and Drell-Yan Processes Beyond the Leading Approximation in Chromodynamics}},
	Volume = {B143},
	Year = {1978},
	Bdsk-Url-1 = {http://dx.doi.org/10.1016/0550-3213(78)90067-6}}

@article{AP,
	Author = {Altarelli,G. Parisi,G.},
	Date-Added = {2014-01-13 23:35:44 +0000},
	Date-Modified = {2014-01-13 23:35:44 +0000},
	Journal = {Nucl. Phys. B},
	Pages = {28},
	Volume = {20},
	Year = {1977}}

@article{Ball:2008by,
	Archiveprefix = {arXiv},
	Author = {Ball, Richard D. and others},
	Collaboration = {NNPDF},
	Date-Added = {2014-01-13 23:35:44 +0000},
	Date-Modified = {2014-01-13 23:35:44 +0000},
	Doi = {10.1016/j.nuclphysb.2008.09.037},
	Eprint = {0808.1231},
	Journal = {Nucl. Phys.},
	Pages = {1-63},
	Primaryclass = {hep-ph},
	Slaccitation = {%%CITATION = 0808.1231;%%},
	Title = {{A determination of parton distributions with faithful uncertainty estimation}},
	Volume = {B809},
	Year = {2009},
	Bdsk-Url-1 = {http://dx.doi.org/10.1016/j.nuclphysb.2008.09.037}}

@article{Ball:2009mk,
	Archiveprefix = {arXiv},
	Author = {Ball, Richard D. and others},
	Collaboration = {The NNPDF},
	Date-Added = {2014-01-13 23:35:44 +0000},
	Date-Modified = {2014-01-13 23:35:44 +0000},
	Doi = {10.1016/j.nuclphysb.2009.08.003},
	Eprint = {0906.1958},
	Journal = {Nucl. Phys.},
	Pages = {195-233},
	Primaryclass = {hep-ph},
	Slaccitation = {%%CITATION = 0906.1958;%%},
	Title = {{Precision determination of electroweak parameters and the strange content of the proton from neutrino deep-inelastic scattering}},
	Volume = {B823},
	Year = {2009},
	Bdsk-Url-1 = {http://dx.doi.org/10.1016/j.nuclphysb.2009.08.003}}

@article{Ball:2009qv,
	Archiveprefix = {arXiv},
	Author = {Ball, Richard D. and others},
	Collaboration = {NNPDF},
	Date-Added = {2014-01-13 23:35:44 +0000},
	Date-Modified = {2014-01-13 23:35:44 +0000},
	Doi = {10.1007/JHEP05(2010)075},
	Eprint = {0912.2276},
	Journal = {JHEP},
	Pages = {075},
	Primaryclass = {hep-ph},
	Slaccitation = {%%CITATION = 0912.2276;%%},
	Title = {{Fitting Parton Distribution Data with Multiplicative Normalization Uncertainties}},
	Volume = {05},
	Year = {2010},
	Bdsk-Url-1 = {http://dx.doi.org/10.1007/JHEP05(2010)075}}

@article{Ball:2010de,
	Archiveprefix = {arXiv},
	Author = {Ball, Richard D. and others},
	Date-Added = {2014-01-13 23:35:44 +0000},
	Date-Modified = {2014-01-13 23:35:44 +0000},
	Doi = {10.1016/j.nuclphysb.2010.05.008},
	Eprint = {1002.4407},
	Journal = {Nucl. Phys.},
	Pages = {136-206},
	Primaryclass = {hep-ph},
	Slaccitation = {%%CITATION = 1002.4407;%%},
	Title = {{A first unbiased global NLO determination of parton distributions and their uncertainties}},
	Volume = {B838},
	Year = {2010},
	Bdsk-Url-1 = {http://dx.doi.org/10.1016/j.nuclphysb.2010.05.008}}

@article{Ball:2010gb,
	Archiveprefix = {arXiv},
	Author = {Ball, Richard D. and others},
	Collaboration = {The NNPDF},
	Date-Added = {2014-01-13 23:35:44 +0000},
	Date-Modified = {2014-01-13 23:35:44 +0000},
	Doi = {10.1016/j.nuclphysb.2011.03.017},
	Eprint = {1012.0836},
	Journal = {Nucl. Phys.},
	Pages = {112-143},
	Primaryclass = {hep-ph},
	Slaccitation = {%%CITATION = 1012.0836;%%},
	Title = {{Reweighting NNPDFs: the W lepton asymmetry}},
	Volume = {B849},
	Year = {2011},
	Bdsk-Url-1 = {http://dx.doi.org/10.1016/j.nuclphysb.2011.03.017}}

@article{Ball:2011mu,
	Archiveprefix = {arXiv},
	Author = {Ball, Richard D. and Bertone, Valerio and Cerutti, Francesco and Del Debbio, Luigi and Forte, Stefano and others},
	Date-Added = {2014-01-13 23:35:44 +0000},
	Date-Modified = {2014-01-13 23:35:44 +0000},
	Doi = {10.1016/j.nuclphysb.2011.03.021},
	Eprint = {1101.1300},
	Journal = {Nucl.Phys.},
	Pages = {296-363},
	Primaryclass = {hep-ph},
	Title = {{Impact of Heavy Quark Masses on Parton Distributions and LHC Phenomenology}},
	Volume = {B849},
	Year = {2011},
	Bdsk-Url-1 = {http://dx.doi.org/10.1016/j.nuclphysb.2011.03.021}}

@book{bishopnn,
	Author = {Bishop, C.M.},
	Date-Added = {2014-01-13 23:35:44 +0000},
	Date-Modified = {2014-01-13 23:35:44 +0000},
	Publisher = {Oxford University Press},
	Title = {Neural networks for Patern Recognition},
	Year = {1995}}

@article{Bjorken1,
	Author = {Bjorken, J.D.},
	Date-Added = {2014-01-13 23:35:44 +0000},
	Date-Modified = {2014-01-13 23:35:44 +0000},
	Journal = {Phys. Rev.},
	Pages = {1527-1553},
	Title = {Asymptotic Sum Rules at Infinite Momentum},
	Volume = {179},
	Year = {1969}}

@article{Botje:2011sn,
	Archiveprefix = {arXiv},
	Author = {Botje, Michiel and others},
	Date-Added = {2014-01-13 23:35:44 +0000},
	Date-Modified = {2014-01-13 23:35:44 +0000},
	Eprint = {1101.0538},
	Primaryclass = {hep-ph},
	Slaccitation = {%%CITATION = 1101.0538;%%},
	Title = {{The PDF4LHC Working Group Interim Recommendations}},
	Year = {2011}}

@article{Botts:1992yi,
	Archiveprefix = {arXiv},
	Author = {Botts, James and others},
	Collaboration = {CTEQ},
	Date-Added = {2014-01-13 23:35:44 +0000},
	Date-Modified = {2014-01-13 23:35:44 +0000},
	Doi = {10.1016/0370-2693(93)91416-K},
	Eprint = {hep-ph/9303255},
	Journal = {Phys. Lett.},
	Pages = {159-166},
	Slaccitation = {%%CITATION = HEP-PH/9303255;%%},
	Title = {{CTEQ parton distributions and flavor dependence of sea quarks}},
	Volume = {B304},
	Year = {1993},
	Bdsk-Url-1 = {http://dx.doi.org/10.1016/0370-2693(93)91416-K}}

@article{callangross,
	Author = {Callan,C Gross,D},
	Date-Added = {2014-01-13 23:35:44 +0000},
	Date-Modified = {2014-01-13 23:35:44 +0000},
	Journal = {Phys. Rev. Lett.},
	Pages = {156},
	Volume = {22},
	Year = {1969}}

@article{Carli:2010rw,
	Archiveprefix = {arXiv},
	Author = {Carli, Tancredi and others},
	Date-Added = {2014-01-13 23:35:44 +0000},
	Date-Modified = {2014-01-13 23:35:44 +0000},
	Doi = {10.1140/epjc/s10052-010-1255-0},
	Eprint = {0911.2985},
	Journal = {Eur. Phys. J.},
	Pages = {503-524},
	Primaryclass = {hep-ph},
	Slaccitation = {%%CITATION = 0911.2985;%%},
	Title = {{A posteriori inclusion of parton density functions in NLO QCD final-state calculations at hadron colliders: The APPLGRID Project}},
	Volume = {C66},
	Year = {2010},
	Bdsk-Url-1 = {http://dx.doi.org/10.1140/epjc/s10052-010-1255-0}}

@article{:dk,
	Date-Added = {2014-01-13 23:35:44 +0000},
	Date-Modified = {2014-01-13 23:35:44 +0000}}

@article{DelDebbio:2004qj,
	Archiveprefix = {arXiv},
	Author = {Del Debbio, Luigi and Forte, Stefano and Latorre, Jose I. and Piccione, Andrea and Rojo, Joan},
	Collaboration = {NNPDF},
	Date-Added = {2014-01-13 23:35:44 +0000},
	Date-Modified = {2014-01-13 23:35:44 +0000},
	Doi = {10.1088/1126-6708/2005/03/080},
	Eprint = {hep-ph/0501067},
	Journal = {JHEP},
	Pages = {080},
	Slaccitation = {%%CITATION = HEP-PH/0501067;%%},
	Title = {{Unbiased determination of the proton structure function F2(p) with faithful uncertainty estimation}},
	Volume = {03},
	Year = {2005},
	Bdsk-Url-1 = {http://dx.doi.org/10.1088/1126-6708/2005/03/080}}

@article{DelDebbio:2007ee,
	Archiveprefix = {arXiv},
	Author = {Del Debbio, Luigi and Forte, Stefano and Latorre, Jose I. and Piccione, Andrea and Rojo, Joan},
	Collaboration = {NNPDF},
	Date-Added = {2014-01-13 23:35:44 +0000},
	Date-Modified = {2014-01-13 23:35:44 +0000},
	Doi = {10.1088/1126-6708/2007/03/039},
	Eprint = {hep-ph/0701127},
	Journal = {JHEP},
	Pages = {039},
	Slaccitation = {%%CITATION = HEP-PH/0701127;%%},
	Title = {{Neural network determination of parton distributions: the nonsinglet case}},
	Volume = {03},
	Year = {2007},
	Bdsk-Url-1 = {http://dx.doi.org/10.1088/1126-6708/2007/03/039}}

@article{DeRoeck:2011na,
	Archiveprefix = {arXiv},
	Author = {De Roeck, A. and Thorne, R. S.},
	Date-Added = {2014-01-13 23:35:44 +0000},
	Date-Modified = {2014-01-13 23:35:44 +0000},
	Eprint = {1103.0555},
	Primaryclass = {hep-ph},
	Slaccitation = {%%CITATION = 1103.0555;%%},
	Title = {{Structure Functions}},
	Year = {2011}}

@article{dokshitzer,
	Author = {Dokshitzer,Y.L},
	Date-Added = {2014-01-13 23:35:44 +0000},
	Date-Modified = {2014-01-13 23:35:44 +0000},
	Journal = {Sov. Phys.},
	Pages = {641},
	Volume = {46},
	Year = {1977}}

@article{eichten,
	Author = {Eichten,E. Hinchliffe,I Lane,K.D. Quigg,C.},
	Date-Added = {2014-01-13 23:35:44 +0000},
	Date-Modified = {2014-01-13 23:35:44 +0000},
	Journal = {Rev. Mod. Phys. 56},
	Pages = {579},
	Volume = {56},
	Year = {1984}}

@book{feynman1,
	Address = {New York},
	Author = {Feynman,R.P.},
	Date-Added = {2014-01-13 23:35:44 +0000},
	Date-Modified = {2014-01-13 23:35:44 +0000},
	Publisher = {W.A. Benjamin},
	Title = {Photon hadron interactions},
	Year = {1972}}

@conference{Feynmanparton,
	Author = {Feynman,R.P.},
	Booktitle = {Stony Brook 1969, Proceedings, Conference On High Energy Collisions},
	Date-Added = {2014-01-13 23:35:44 +0000},
	Date-Modified = {2014-01-13 23:35:44 +0000},
	Editor = {Yang, C. N},
	Pages = {237-258},
	Title = {The behaviour of hadron collisions at extreme energies},
	Year = {1969}}

@article{feynmanparton2,
	Author = {Feynman,R.P.},
	Date-Added = {2014-01-13 23:35:44 +0000},
	Date-Modified = {2014-01-13 23:35:44 +0000},
	Journal = {Phys. Rev. Lett.},
	Pages = {1415-1417},
	Title = {Very High-Energy Collision of Hadrons},
	Volume = {23},
	Year = {1969}}

@book{field,
	Author = {Field, R.D.},
	Date-Added = {2014-01-13 23:35:44 +0000},
	Date-Modified = {2014-01-13 23:35:44 +0000},
	Publisher = {Addison-Wesley},
	Series = {Frontiers in Physics},
	Title = {Applications of Perturbative QCD},
	Volume = {77},
	Year = {1995}}

@article{Forte:2002fg,
	Archiveprefix = {arXiv},
	Author = {Forte, Stefano and Garrido, Lluis and Latorre, Jose I. and Piccione, Andrea},
	Date-Added = {2014-01-13 23:35:44 +0000},
	Date-Modified = {2014-01-13 23:35:44 +0000},
	Eprint = {hep-ph/0204232},
	Journal = {JHEP},
	Pages = {062},
	Slaccitation = {%%CITATION = HEP-PH/0204232;%%},
	Title = {{Neural network parametrization of deep-inelastic structure functions}},
	Volume = {05},
	Year = {2002}}

@article{Giele:1998gw,
	Archiveprefix = {arXiv},
	Author = {Giele, Walter T. and Keller, Stephane},
	Date-Added = {2014-01-13 23:35:44 +0000},
	Date-Modified = {2014-01-13 23:35:44 +0000},
	Doi = {10.1103/PhysRevD.58.094023},
	Eprint = {hep-ph/9803393},
	Journal = {Phys. Rev.},
	Pages = {094023},
	Slaccitation = {%%CITATION = HEP-PH/9803393;%%},
	Title = {{Implications of hadron collider observables on parton distribution function uncertainties}},
	Volume = {D58},
	Year = {1998},
	Bdsk-Url-1 = {http://dx.doi.org/10.1103/PhysRevD.58.094023}}

@article{Giele:2001mr,
	Archiveprefix = {arXiv},
	Author = {Giele, Walter T. and Keller, Stephane A. and Kosower, David A.},
	Date-Added = {2014-01-13 23:35:44 +0000},
	Date-Modified = {2014-01-13 23:35:44 +0000},
	Eprint = {hep-ph/0104052},
	Slaccitation = {%%CITATION = HEP-PH/0104052;%%},
	Title = {{Parton distribution function uncertainties}},
	Year = {2001}}

@article{gribovlipatov,
	Author = {Gribov,V.N Lipatov,L.N.},
	Date-Added = {2014-01-13 23:35:44 +0000},
	Date-Modified = {2014-01-13 23:35:44 +0000},
	Journal = {Sov. J. Nucl. Phys.},
	Pages = {438},
	Volume = {15},
	Year = {1972}}

@article{Jung:2009eq,
	Archiveprefix = {arXiv},
	Author = {Ajaltouni, Z. J. and others},
	Date-Added = {2014-01-13 23:35:44 +0000},
	Date-Modified = {2014-01-13 23:35:44 +0000},
	Eprint = {0903.3861},
	Primaryclass = {hep-ph},
	Slaccitation = {%%CITATION = 0903.3861;%%},
	Title = {{Proceedings of the workshop: HERA and the LHC workshop series on the implications of HERA for LHC physics}},
	Year = {2009}}

@article{Lai:2010vv,
	Archiveprefix = {arXiv},
	Author = {Lai, Hung-Liang and others},
	Date-Added = {2014-01-13 23:35:44 +0000},
	Date-Modified = {2014-01-13 23:35:44 +0000},
	Doi = {10.1103/PhysRevD.82.074024},
	Eprint = {1007.2241},
	Journal = {Phys. Rev.},
	Pages = {074024},
	Primaryclass = {hep-ph},
	Slaccitation = {%%CITATION = 1007.2241;%%},
	Title = {{New parton distributions for collider physics}},
	Volume = {D82},
	Year = {2010},
	Bdsk-Url-1 = {http://dx.doi.org/10.1103/PhysRevD.82.074024}}

@article{levenberg,
	Author = {Levenberg,K},
	Date-Added = {2014-01-13 23:35:44 +0000},
	Date-Modified = {2014-01-13 23:35:44 +0000},
	Journal = {Quart. Appl. Math},
	Number = {164},
	Title = {A Method for the Solution of Certain Non-Linear Problems in Least Squares},
	Volume = {2},
	Year = {1944}}

@article{lipatov,
	Author = {Lipatov,L.N.},
	Date-Added = {2014-01-13 23:35:44 +0000},
	Date-Modified = {2014-01-13 23:35:44 +0000},
	Journal = {Sov. J. Nucl. Phys.},
	Pages = {94},
	Volume = {20},
	Year = {1975}}

@article{marquardt,
	Author = {Marquardt, D W},
	Date-Added = {2014-01-13 23:35:44 +0000},
	Date-Modified = {2014-01-13 23:35:44 +0000},
	Journal = {SIAM J. Appl. Math},
	Number = {431},
	Title = {An Algorithm for Least-Squares Estimation of Nonlinear Parameters},
	Volume = {11},
	Year = {1963}}

@article{Martin:1998sq,
	Archiveprefix = {arXiv},
	Author = {Martin, Alan D. and Roberts, R. G. and Stirling, W. James and Thorne, R. S.},
	Date-Added = {2014-01-13 23:35:44 +0000},
	Date-Modified = {2014-01-13 23:35:44 +0000},
	Doi = {10.1007/s100520050220},
	Eprint = {hep-ph/9803445},
	Journal = {Eur. Phys. J.},
	Pages = {463-496},
	Slaccitation = {%%CITATION = HEP-PH/9803445;%%},
	Title = {{Parton distributions: A New global analysis}},
	Volume = {C4},
	Year = {1998},
	Bdsk-Url-1 = {http://dx.doi.org/10.1007/s100520050220}}

@article{Martin:2002aw,
	Archiveprefix = {arXiv},
	Author = {Martin, A. D. and Roberts, R. G. and Stirling, W. J. and Thorne, R. S.},
	Date-Added = {2014-01-13 23:35:44 +0000},
	Date-Modified = {2014-01-13 23:35:44 +0000},
	Doi = {10.1140/epjc/s2003-01196-2},
	Eprint = {hep-ph/0211080},
	Journal = {Eur. Phys. J.},
	Pages = {455-473},
	Slaccitation = {%%CITATION = HEP-PH/0211080;%%},
	Title = {{Uncertainties of predictions from parton distributions. 1: Experimental errors}},
	Volume = {C28},
	Year = {2003},
	Bdsk-Url-1 = {http://dx.doi.org/10.1140/epjc/s2003-01196-2}}

@article{Martin:2009iq,
	Archiveprefix = {arXiv},
	Author = {Martin, A. D. and Stirling, W. J. and Thorne, R. S. and Watt, G.},
	Date-Added = {2014-01-13 23:35:44 +0000},
	Date-Modified = {2014-01-13 23:35:44 +0000},
	Doi = {10.1140/epjc/s10052-009-1072-5},
	Eprint = {0901.0002},
	Journal = {Eur. Phys. J.},
	Pages = {189-285},
	Primaryclass = {hep-ph},
	Slaccitation = {%%CITATION = 0901.0002;%%},
	Title = {{Parton distributions for the LHC}},
	Volume = {C63},
	Year = {2009},
	Bdsk-Url-1 = {http://dx.doi.org/10.1140/epjc/s10052-009-1072-5}}

@article{MINUIT,
	Author = {James, F and Roos, M},
	Date-Added = {2014-01-13 23:35:44 +0000},
	Date-Modified = {2014-01-13 23:35:44 +0000},
	Title = {MINUIT: Function Minimization and Error Analysis, CERN Program Library Long Writeup D506},
	Year = {1994}}

@article{Moch:2004xu,
	Archiveprefix = {arXiv},
	Author = {Moch, S. and Vermaseren, J. A. M. and Vogt, A.},
	Date-Added = {2014-01-13 23:35:44 +0000},
	Date-Modified = {2014-01-13 23:35:44 +0000},
	Doi = {10.1016/j.physletb.2004.11.063},
	Eprint = {hep-ph/0411112},
	Journal = {Phys. Lett.},
	Pages = {123-129},
	Slaccitation = {%%CITATION = HEP-PH/0411112;%%},
	Title = {{The longitudinal structure function at the third order}},
	Volume = {B606},
	Year = {2005},
	Bdsk-Url-1 = {http://dx.doi.org/10.1016/j.physletb.2004.11.063}}

@article{Moreno:1990sf,
	Author = {Moreno, G. and others},
	Date-Added = {2014-01-13 23:35:44 +0000},
	Date-Modified = {2014-01-13 23:35:44 +0000},
	Doi = {10.1103/PhysRevD.43.2815},
	Journal = {Phys. Rev.},
	Pages = {2815-2836},
	Slaccitation = {%%CITATION = PHRVA,D43,2815;%%},
	Title = {{Dimuon production in proton - copper collisions at s**(1/2) = 38.8-GeV}},
	Volume = {D43},
	Year = {1991},
	Bdsk-Url-1 = {http://dx.doi.org/10.1103/PhysRevD.43.2815}}

@article{mrs,
	Author = {Martin,A.D. and Roberts,R.G. and Stirling,W.J.},
	Date-Added = {2014-01-13 23:35:44 +0000},
	Date-Modified = {2014-01-13 23:35:44 +0000},
	Journal = {Phys. Lett. B},
	Pages = {327},
	Title = {QCD and Collider Physics},
	Volume = {206},
	Year = {1988}}

@article{Nadolsky:2008zw,
	Archiveprefix = {arXiv},
	Author = {Nadolsky, Pavel M. and others},
	Date-Added = {2014-01-13 23:35:44 +0000},
	Date-Modified = {2014-01-13 23:35:44 +0000},
	Doi = {10.1103/PhysRevD.78.013004},
	Eprint = {0802.0007},
	Journal = {Phys. Rev.},
	Pages = {013004},
	Primaryclass = {hep-ph},
	Slaccitation = {%%CITATION = 0802.0007;%%},
	Title = {{Implications of CTEQ global analysis for collider observables}},
	Volume = {D78},
	Year = {2008},
	Bdsk-Url-1 = {http://dx.doi.org/10.1103/PhysRevD.78.013004}}

@article{nnoverlearn,
	Author = {Tetko, I. V.; Livingstone, D. J.; Luik, A. I.},
	Date-Added = {2014-01-13 23:35:44 +0000},
	Date-Modified = {2014-01-13 23:35:44 +0000},
	Journal = {J. Chem. Inf. Comput. Sci.},
	Pages = {826-833},
	Title = {Neural Network Studies. 1. Comparison of Overfitting and Overtraining},
	Volume = {35},
	Year = {1995}}

@book{peskinschroeder,
	Author = {Peskin, M.E and Schroeder, D.V.},
	Date-Added = {2014-01-13 23:35:44 +0000},
	Date-Modified = {2014-01-13 23:35:44 +0000},
	Publisher = {Westview Press},
	Title = {An introduction to Quantum Field Theory},
	Year = {1995}}

@article{pQCDhandbook,
	Author = {Sterman, G and others},
	Collaboration = {The CTEQ Collaboration},
	Date-Added = {2014-01-13 23:35:44 +0000},
	Date-Modified = {2014-01-13 23:35:44 +0000},
	Journal = {Rev. Mod. Phys.},
	Month = {January},
	Number = {1},
	Pages = {157-248},
	Title = {Handbook of Perturbative QCD},
	Volume = {67},
	Year = {1995}}

@article{Pumplin:2000vx,
	Archiveprefix = {arXiv},
	Author = {Pumplin, J. and Stump, D. R. and Tung, W. K.},
	Date-Added = {2014-01-13 23:35:44 +0000},
	Date-Modified = {2014-01-13 23:35:44 +0000},
	Doi = {10.1103/PhysRevD.65.014011},
	Eprint = {hep-ph/0008191},
	Journal = {Phys. Rev.},
	Pages = {014011},
	Slaccitation = {%%CITATION = HEP-PH/0008191;%%},
	Title = {{Multivariate fitting and the error matrix in global analysis of data}},
	Volume = {D65},
	Year = {2001},
	Bdsk-Url-1 = {http://dx.doi.org/10.1103/PhysRevD.65.014011}}

@article{Pumplin:2001ct,
	Archiveprefix = {arXiv},
	Author = {Pumplin, J. and others},
	Date-Added = {2014-01-13 23:35:44 +0000},
	Date-Modified = {2014-01-13 23:35:44 +0000},
	Doi = {10.1103/PhysRevD.65.014013},
	Eprint = {hep-ph/0101032},
	Journal = {Phys. Rev.},
	Pages = {014013},
	Slaccitation = {%%CITATION = HEP-PH/0101032;%%},
	Title = {{Uncertainties of predictions from parton distribution functions. 2. The Hessian method}},
	Volume = {D65},
	Year = {2001},
	Bdsk-Url-1 = {http://dx.doi.org/10.1103/PhysRevD.65.014013}}

@article{Salam:2008qg,
	Archiveprefix = {arXiv},
	Author = {Salam, Gavin P. and Rojo, Juan},
	Date-Added = {2014-01-13 23:35:44 +0000},
	Date-Modified = {2014-01-13 23:35:44 +0000},
	Doi = {10.1016/j.cpc.2008.08.010},
	Eprint = {0804.3755},
	Journal = {Comput. Phys. Commun.},
	Pages = {120-156},
	Primaryclass = {hep-ph},
	Slaccitation = {%%CITATION = 0804.3755;%%},
	Title = {{A Higher Order Perturbative Parton Evolution Toolkit (HOPPET)}},
	Volume = {180},
	Year = {2009},
	Bdsk-Url-1 = {http://dx.doi.org/10.1016/j.cpc.2008.08.010}}

@article{Soper:1996fy,
	Archiveprefix = {arXiv},
	Author = {Soper, Davison E.},
	Date-Added = {2014-01-13 23:35:44 +0000},
	Date-Modified = {2014-01-13 23:35:44 +0000},
	Eprint = {hep-ph/9702203},
	Slaccitation = {%%CITATION = HEP-PH/9702203;%%},
	Title = {{Basics of QCD perturbation theory}},
	Year = {1996}}

@article{Stump:2001gu,
	Archiveprefix = {arXiv},
	Author = {Stump, D. and others},
	Date-Added = {2014-01-13 23:35:44 +0000},
	Date-Modified = {2014-01-13 23:35:44 +0000},
	Doi = {10.1103/PhysRevD.65.014012},
	Eprint = {hep-ph/0101051},
	Journal = {Phys. Rev.},
	Pages = {014012},
	Slaccitation = {%%CITATION = HEP-PH/0101051;%%},
	Title = {{Uncertainties of predictions from parton distribution functions. 1. The Lagrange multiplier method}},
	Volume = {D65},
	Year = {2001},
	Bdsk-Url-1 = {http://dx.doi.org/10.1103/PhysRevD.65.014012}}

@article{vanNeerven:1991nn,
	Author = {van Neerven, W. L. and Zijlstra, E. B.},
	Date-Added = {2014-01-13 23:35:44 +0000},
	Date-Modified = {2014-01-13 23:35:44 +0000},
	Doi = {10.1016/0370-2693(91)91024-P},
	Journal = {Phys. Lett.},
	Pages = {127-133},
	Slaccitation = {%%CITATION = PHLTA,B272,127;%%},
	Title = {{Order alpha-s**2 contributions to the deep inelastic Wilson coefficient}},
	Volume = {B272},
	Year = {1991},
	Bdsk-Url-1 = {http://dx.doi.org/10.1016/0370-2693(91)91024-P}}

@article{Vermaseren:2005qc,
	Archiveprefix = {arXiv},
	Author = {Vermaseren, J. A. M. and Vogt, A. and Moch, S.},
	Date-Added = {2014-01-13 23:35:44 +0000},
	Date-Modified = {2014-01-13 23:35:44 +0000},
	Doi = {10.1016/j.nuclphysb.2005.06.020},
	Eprint = {hep-ph/0504242},
	Journal = {Nucl. Phys.},
	Pages = {3-182},
	Slaccitation = {%%CITATION = HEP-PH/0504242;%%},
	Title = {{The third-order QCD corrections to deep-inelastic scattering by photon exchange}},
	Volume = {B724},
	Year = {2005},
	Bdsk-Url-1 = {http://dx.doi.org/10.1016/j.nuclphysb.2005.06.020}}

@article{Vogt:2004ns,
	Archiveprefix = {arXiv},
	Author = {Vogt, A.},
	Date-Added = {2014-01-13 23:35:44 +0000},
	Date-Modified = {2014-01-13 23:35:44 +0000},
	Doi = {10.1016/j.cpc.2005.03.103},
	Eprint = {hep-ph/0408244},
	Journal = {Comput. Phys. Commun.},
	Pages = {65-92},
	Slaccitation = {%%CITATION = HEP-PH/0408244;%%},
	Title = {{Efficient evolution of unpolarized and polarized parton distributions with QCD-PEGASUS}},
	Volume = {170},
	Year = {2005},
	Bdsk-Url-1 = {http://dx.doi.org/10.1016/j.cpc.2005.03.103}}

@article{Whalley:2005nh,
	Archiveprefix = {arXiv},
	Author = {Whalley, M. R. and Bourilkov, D. and Group, R. C.},
	Date-Added = {2014-01-13 23:35:44 +0000},
	Date-Modified = {2014-01-13 23:35:44 +0000},
	Eprint = {hep-ph/0508110},
	Slaccitation = {%%CITATION = HEP-PH/0508110;%%},
	Title = {{The Les Houches Accord PDFs (LHAPDF) and Lhaglue}},
	Year = {2005}}

@article{Zijlstra:1991qc,
	Author = {Zijlstra, E. B. and van Neerven, W. L.},
	Date-Added = {2014-01-13 23:35:44 +0000},
	Date-Modified = {2014-01-13 23:35:44 +0000},
	Doi = {10.1016/0370-2693(91)90301-6},
	Journal = {Phys. Lett.},
	Pages = {476-482},
	Slaccitation = {%%CITATION = PHLTA,B273,476;%%},
	Title = {{Contribution of the second order gluonic Wilson coefficient to the deep inelastic structure function}},
	Volume = {B273},
	Year = {1991},
	Bdsk-Url-1 = {http://dx.doi.org/10.1016/0370-2693(91)90301-6}}

@article{Zijlstra:1992qd,
	Author = {Zijlstra, E. B. and van Neerven, W. L.},
	Date-Added = {2014-01-13 23:35:44 +0000},
	Date-Modified = {2014-01-13 23:35:44 +0000},
	Doi = {10.1016/0550-3213(92)90087-R},
	Journal = {Nucl. Phys.},
	Pages = {525-574},
	Slaccitation = {%%CITATION = NUPHA,B383,525;%%},
	Title = {{Order alpha-s**2 QCD corrections to the deep inelastic proton structure functions F2 and F(L)}},
	Volume = {B383},
	Year = {1992},
	Bdsk-Url-1 = {http://dx.doi.org/10.1016/0550-3213(92)90087-R}}

@article{Ball:2011gg,
	Archiveprefix = {arXiv},
	Author = {Ball, Richard D. and Bertone, Valerio and Cerutti, Francesco and Del Debbio, Luigi and Forte, Stefano and others},
	Date-Added = {2014-01-13 23:31:26 +0000},
	Date-Modified = {2014-01-13 23:33:45 +0000},
	Doi = {10.1016/j.nuclphysb.2011.10.018},
	Eprint = {1108.1758},
	Journal = {Nucl.Phys.},
	Keywords = {mine NNPDF NNPDF22},
	Pages = {608-638},
	Primaryclass = {hep-ph},
	Reportnumber = {EDINBURGH-2011-15, IFUM-981-FT, FR-PHENO-2011-013, RWTH-TTK-11-32},
	Slaccitation = {%%CITATION = ARXIV:1108.1758;%%},
	Title = {{Reweighting and Unweighting of Parton Distributions and the LHC W lepton asymmetry data}},
	Volume = {B855},
	Year = {2012},
	Bdsk-Url-1 = {http://dx.doi.org/10.1016/j.nuclphysb.2011.10.018}}

@article{Cerutti:2011dh,
	Archiveprefix = {arXiv},
	Author = {Cerutti, Francesco and Hartland, N.P.},
	Date-Added = {2014-01-13 23:31:25 +0000},
	Date-Modified = {2014-01-13 23:33:21 +0000},
	Doi = {10.1088/1742-6596/368/1/012063},
	Eprint = {1111.6768},
	Journal = {J.Phys.Conf.Ser.},
	Keywords = {mine proc},
	Pages = {012063},
	Primaryclass = {hep-ph},
	Slaccitation = {%%CITATION = ARXIV:1111.6768;%%},
	Title = {{The NNPDF2.2 Parton Set}},
	Volume = {368},
	Year = {2012},
	Bdsk-Url-1 = {http://dx.doi.org/10.1088/1742-6596/368/1/012063}}

@article{AlcarazMaestre:2012vp,
	Archiveprefix = {arXiv},
	Author = {Alcaraz Maestre, J. and others},
	Collaboration = {SM AND NLO MULTILEG and SM MC Working Groups},
	Date-Added = {2014-01-13 23:31:25 +0000},
	Date-Modified = {2014-01-13 23:33:48 +0000},
	Eprint = {1203.6803},
	Keywords = {mine},
	Primaryclass = {hep-ph},
	Reportnumber = {FERMILAB-PUB-12-885-CD},
	Slaccitation = {%%CITATION = ARXIV:1203.6803;%%},
	Title = {{The SM and NLO Multileg and SM MC Working Groups: Summary Report}},
	Year = {2012}}

@article{Hartland:2012ir,
	Archiveprefix = {arXiv},
	Author = {Hartland, Nathan},
	Date-Added = {2014-01-13 23:31:24 +0000},
	Date-Modified = {2014-01-13 23:33:05 +0000},
	Eprint = {1205.3508},
	Keywords = {mine proc},
	Primaryclass = {hep-ph},
	Slaccitation = {%%CITATION = ARXIV:1205.3508;%%},
	Title = {{LHC data and the proton strangeness}},
	Year = {2012}}

@article{Ball:2012cx,
	Archiveprefix = {arXiv},
	Author = {Ball, Richard D. and Bertone, Valerio and Carrazza, Stefano and Deans, Christopher S. and Del Debbio, Luigi and others},
	Date-Added = {2014-01-13 23:31:23 +0000},
	Date-Modified = {2014-01-13 23:33:39 +0000},
	Doi = {10.1016/j.nuclphysb.2012.10.003},
	Eprint = {1207.1303},
	Journal = {Nucl.Phys.},
	Keywords = {mine NNPDF NNPDF23},
	Pages = {244-289},
	Primaryclass = {hep-ph},
	Reportnumber = {EDINBURGH-2012-08, IFUM-FT-997, FR-PHENO-2012-014, RWTH-TTK-12-25, CERN-PH-TH-2012-037, SFB-CPP-12-47\},
	Slaccitation = {%%CITATION = ARXIV:1207.1303;%%},
	Title = {{Parton distributions with LHC data}},
	Volume = {B867},
	Year = {2013},
	Bdsk-Url-1 = {http://dx.doi.org/10.1016/j.nuclphysb.2012.10.003}}

@article{Hartland:2012ia,
	Archiveprefix = {arXiv},
	Author = {Hartland, Nathan P. and Nocera, Emanuele R.},
	Date-Added = {2014-01-13 23:31:23 +0000},
	Date-Modified = {2014-01-13 23:33:12 +0000},
	Doi = {10.1016/j.nuclphysbps.2012.11.013},
	Eprint = {1209.2585},
	Journal = {Nucl.Phys.Proc.Suppl.},
	Keywords = {mine proc},
	Pages = {54-57},
	Primaryclass = {hep-ph},
	Slaccitation = {%%CITATION = ARXIV:1209.2585;%%},
	Title = {{A Mathematica interface to NNPDFs}},
	Volume = {234},
	Year = {2013},
	Bdsk-Url-1 = {http://dx.doi.org/10.1016/j.nuclphysbps.2012.11.013}}

@article{Ball:2012wy,
	Archiveprefix = {arXiv},
	Author = {Ball, Richard D. and Carrazza, Stefano and Del Debbio, Luigi and Forte, Stefano and Gao, Jun and others},
	Date-Added = {2014-01-13 23:31:22 +0000},
	Date-Modified = {2014-01-13 23:33:34 +0000},
	Doi = {10.1007/JHEP04(2013)125},
	Eprint = {1211.5142},
	Journal = {JHEP},
	Keywords = {mine NNPDF},
	Pages = {125},
	Primaryclass = {hep-ph},
	Reportnumber = {CERN-PH-TH-2012-263},
	Slaccitation = {%%CITATION = ARXIV:1211.5142;%%},
	Title = {{Parton Distribution Benchmarking with LHC Data}},
	Volume = {1304},
	Year = {2013},
	Bdsk-Url-1 = {http://dx.doi.org/10.1007/JHEP04(2013)125}}

@article{Hartland:2013iba,
	Archiveprefix = {arXiv},
	Author = {Hartland, Nathan P. and Deans, Christopher S.},
	Date-Added = {2014-01-13 23:31:22 +0000},
	Date-Modified = {2014-01-13 23:32:59 +0000},
	Eprint = {1307.2046},
	Keywords = {mine proc},
	Primaryclass = {hep-ph},
	Slaccitation = {%%CITATION = ARXIV:1307.2046;%%},
	Title = {{Towards closure testing of parton determinations}},
	Year = {2013}}

@article{Ball:2013hta,
	Archiveprefix = {arXiv},
	Author = {Ball, Richard D. and others},
	Collaboration = {NNPDF},
	Date-Added = {2014-01-13 23:31:21 +0000},
	Date-Modified = {2014-01-13 23:33:29 +0000},
	Doi = {10.1016/j.nuclphysb.2013.10.010},
	Eprint = {1308.0598},
	Journal = {Nucl.Phys.},
	Keywords = {mine NNPDF QED},
	Number = {2},
	Pages = {290-320},
	Primaryclass = {hep-ph},
	Reportnumber = {EDINBURGH-2013-20, IFUM-1014-FT, FR-PHENO-2013-008, CERN-PH-TH-2013-075},
	Slaccitation = {%%CITATION = ARXIV:1308.0598;%%},
	Title = {{Parton distributions with QED corrections}},
	Volume = {B877},
	Year = {2013},
	Bdsk-Url-1 = {http://dx.doi.org/10.1016/j.nuclphysb.2013.10.010}}

@article{DelDebbio:2013kxa,
	Archiveprefix = {arXiv},
	Author = {Del Debbio, Luigi and Hartland, Nathan P. and Schumann, Steffen},
	Date-Added = {2014-01-13 23:31:21 +0000},
	Date-Modified = {2014-01-13 23:33:17 +0000},
	Eprint = {1312.4460},
	Keywords = {mine},
	Primaryclass = {hep-ph},
	Reportnumber = {MCNET-13-21, EDINBURGH-2013-36},
	Slaccitation = {%%CITATION = ARXIV:1312.4460;%%},
	Title = {{MCgrid: projecting cross section calculations on grids}},
	Year = {2013}}
